<?xml version="1.0" encoding="UTF-8"?><collection xmlns="http://www.loc.gov/MARC21/slim"><record><leader>00386nam--2200121-i-4500</leader><controlfield tag="001">000027544</controlfield><controlfield tag="002">20161230</controlfield><controlfield tag="005">20161230201036</controlfield><controlfield tag="008">060222s1000------------r-----000-0-eng-d</controlfield><datafield ind1=" " ind2=" " tag="100"><subfield code="a">Landau, L. And Lifshitz, E</subfield></datafield><datafield ind1=" " ind2=" " tag="245"><subfield code="a">On the theory of the dispersion of magnetic permeability in ferromagnetic bodies</subfield></datafield><datafield ind1=" " ind2=" " tag="260"><subfield code="a">Kharkov, Ukrainian Phys.Techn. Inst., 1935/17p. Fotocopiate</subfield></datafield><datafield ind1=" " ind2=" " tag="852"><subfield code="a">5398</subfield></datafield></record></collection>